@misc{clpfd, title={Constrain Logic Programming over Finite Domains}, note={Available at \url{http://www.swi-prolog.org/man/clpfd.html}. Cit. [Jan 2 2017]}, author={SWI-Prolog}}

@misc{maplist, title={maplist/2}, note={Available at \url{http://www.swi-prolog.org/pldoc/man?predicate=maplist/2}. Cit. [Jan 2 2017]}, author={SWI-Prolog}}

@misc{stapel1, title={Scalar and Matrix Multiplication}, note={Available at \url{http://www.purplemath.com/modules/mtrxmult.htm}. Cit. [Jan 2 2017]}, author={Stapel, Elizabeth}}

@misc{stapel2, title={Minors and Cofactors: Expanding Along a Row}, note={Available at \url{http://www.purplemath.com/modules/minors.htm}. Cit. [Jan 2 2017]}, author={Stapel, Elizabeth}}
